
@misc{TSESSWIKI,
  title = {{ESS Timing System Wiki}},
  year = {2016},
note = {\\\url{https://ess-ics.atlassian.net/wiki/display/HAR/Timing+System\%3A+User+Manual#TimingSystem:UserManual-Cannotconnecttothedevice(iocregistrationfunctionfails)}  (accessed July 7, 2016)}
}

@misc{MRFIOC2,
title={{ESS MRFIOC2 source repository}},
year={2016},
note={\\\url{https://bitbucket.org/europeanspallationsource/m-epics-mrfioc2} (accessed July 7, 2016)}
}
