
@misc{MRFIOC2,
title={{ESS MRFIOC2 source repository}},
year={2016},
note={\\\url{https://bitbucket.org/europeanspallationsource/m-epics-mrfioc2} (accessed July 7, 2016)}
}




@manual{IFC1211_HW_TUG,
       author = {JoÃ«l Bovier },
       title   = {IFC_1211 Hardware Technical User's Guide},
       year    = {September 29, 2016}
       url     = "./IFC1211_HW_UG_A0_20160928.pdf"
}



@manual{EVR-USER-GUIDE,
       author = {Michael Davidsaver},
       title   = {EVR User Guide},
       year    = {August, 2015},
       url       = "http://epics.sourceforge.net/mrfioc2/evr-usage.pdf"
}
