
@misc{MRFIOC2,
title={{ESS MRFIOC2 source repository}},
year={2016},
note={\\\url{https://bitbucket.org/europeanspallationsource/m-epics-mrfioc2} (accessed July 7, 2016)}
}




@manual{MRFEVENTGENERATOR,
       author = {Jukka Pietarinen, MRF },
       title   = {Event Generator Modular Register Map Firmware Version 0005},
       year    = {19 September 2011}
}



@manual{EVR-USER-GUIDE,
       author = {Michael Davidsaver},
       title   = {EVR User Guide},
       year    = {August, 2015},
       url       = "http://epics.sourceforge.net/mrfioc2/evr-usage.pdf"
}
